% References for Box-Seeking Behaviour in Felidae Review
% Applied Animal Behaviour Science format

@article{vinke2014,
  author = {Vinke, C. M. and Godijn, L. M. and van der Leij, W. J. R.},
  title = {Will a hiding box provide stress reduction for shelter cats?},
  journal = {Applied Animal Behaviour Science},
  year = {2014},
  volume = {160},
  pages = {86--93},
  doi = {10.1016/j.applanim.2014.09.002}
}

@article{tinbergen1963,
  author = {Tinbergen, N.},
  title = {On aims and methods of ethology},
  journal = {Zeitschrift für Tierpsychologie},
  year = {1963},
  volume = {20},
  pages = {410--433}
}

@article{brosschot2017,
  author = {Brosschot, J. F. and Verkuil, B. and Thayer, J. F.},
  title = {Generalized Unsafety Theory of Stress: Unsafe environments and conditions, and the default stress response},
  journal = {International Journal of Environmental Research and Public Health},
  year = {2017},
  volume = {14},
  number = {5},
  pages = {464},
  doi = {10.3390/ijerph14050464}
}

@article{bradshaw2016,
  author = {Bradshaw, J. W. S.},
  title = {Sociality in cats: A comparative review},
  journal = {Journal of Veterinary Behavior},
  year = {2016},
  volume = {11},
  pages = {113--124}
}

@book{bradshaw2013,
  author = {Bradshaw, J. W. S. and Casey, R. A. and Brown, S. L.},
  title = {The Behaviour of the Domestic Cat},
  edition = {2nd},
  publisher = {CABI},
  address = {Wallingford, UK},
  year = {2013}
}

@article{carlstead1993,
  author = {Carlstead, K. and Brown, J. L. and Strawn, W.},
  title = {Behavioral and physiological correlates of stress in laboratory cats},
  journal = {Applied Animal Behaviour Science},
  year = {1993},
  volume = {38},
  number = {2},
  pages = {143--158}
}

@article{kessler1997,
  author = {Kessler, M. R. and Turner, D. C.},
  title = {Stress and adaptation of cats (\textit{Felis silvestris catus}) housed singly, in pairs and in groups in boarding catteries},
  journal = {Animal Welfare},
  year = {1997},
  volume = {6},
  number = {3},
  pages = {243--254}
}

@book{leyhausen1979,
  author = {Leyhausen, P.},
  title = {Cat Behavior: The Predatory and Social Behavior of Domestic and Wild Cats},
  publisher = {Garland STPM Press},
  address = {New York},
  year = {1979}
}

@article{driscoll2007,
  author = {Driscoll, C. A. and Menotti-Raymond, M. and Roca, A. L. and Hupe, K. and Johnson, W. E. and Geffen, E. and Harley, E. H. and Delibes, M. and Pontier, D. and Kitchener, A. C. and Yamaguchi, N. and O'Brien, S. J. and Macdonald, D. W.},
  title = {The Near Eastern origin of cat domestication},
  journal = {Science},
  year = {2007},
  volume = {317},
  pages = {519--523}
}

@article{driscoll2009,
  author = {Driscoll, C. A. and Macdonald, D. W. and O'Brien, S. J.},
  title = {From wild animals to domestic pets, an evolutionary view of domestication},
  journal = {Proceedings of the National Academy of Sciences},
  year = {2009},
  volume = {106},
  pages = {9971--9978}
}

@article{rodan2016,
  author = {Rodan, I. and Sundahl, E. and Carney, H. and Gagnon, A. C. and Heath, S. and Landsberg, G. and Seksel, K. and Yin, S.},
  title = {{AAFP} and {ISFM} feline-friendly handling guidelines},
  journal = {Journal of Feline Medicine and Surgery},
  year = {2016},
  volume = {18},
  pages = {1--2}
}

@article{buffington2011,
  author = {Buffington, C. A. T.},
  title = {Idiopathic cystitis in domestic cats—beyond the lower urinary tract},
  journal = {Journal of Veterinary Internal Medicine},
  year = {2011},
  volume = {25},
  pages = {784--796}
}

@book{sapolsky2004,
  author = {Sapolsky, R. M.},
  title = {Why Zebras Don't Get Ulcers},
  edition = {3rd},
  publisher = {Henry Holt and Company},
  address = {New York},
  year = {2004}
}

@article{shepherdson1998,
  author = {Shepherdson, D. J. and Carlstead, K. and Mellen, J. D. and Seidensticker, J.},
  title = {The influence of food presentation on the behavior of small cats in confined environments},
  journal = {Zoo Biology},
  year = {1998},
  volume = {17},
  pages = {203--221}
}

@article{mellen1992,
  author = {Mellen, J. D.},
  title = {A comparative analysis of scent-marking, social and reproductive behavior in 20 species of small cats (\textit{Felis})},
  journal = {American Zoologist},
  year = {1992},
  volume = {33},
  pages = {151--166}
}

@article{kruuk1986,
  author = {Kruuk, H.},
  title = {Interactions between Felidae and their prey species: a review},
  journal = {Carnivore Behavior, Ecology, and Evolution},
  year = {1986},
  pages = {353--374}
}

@book{macdonald2010,
  author = {Macdonald, D. W. and Loveridge, A. J.},
  title = {The Biology and Conservation of Wild Felids},
  publisher = {Oxford University Press},
  address = {Oxford},
  year = {2010}
}

@book{ewer1973,
  author = {Ewer, R. F.},
  title = {The Carnivores},
  publisher = {Cornell University Press},
  address = {Ithaca, NY},
  year = {1973}
}

@article{caro1995,
  author = {Caro, T. M.},
  title = {Pursuit-deterrence revisited},
  journal = {Trends in Ecology and Evolution},
  year = {1995},
  volume = {10},
  pages = {500--503}
}

@book{cronin2005,
  author = {Cronin, T. W. and Johnsen, S. and Marshall, N. J. and Warrant, E. J.},
  title = {Visual Ecology},
  publisher = {Princeton University Press},
  address = {Princeton, NJ},
  year = {2005}
}

@article{hall1998,
  author = {Hall, S. L. and Bradshaw, J. W. S.},
  title = {The influence of hunger on object play by adult domestic cats},
  journal = {Applied Animal Behaviour Science},
  year = {1998},
  volume = {58},
  pages = {143--150}
}

@article{mills1990,
  author = {Mills, M. G. L. and Mills, M. E. J.},
  title = {The influence of group size and social factors on African wild dog, \textit{Lycaon pictus}, hunting success},
  journal = {Animal Behaviour},
  year = {1990},
  volume = {40},
  pages = {1138--1150}
}

@article{karanth1995,
  author = {Karanth, K. U. and Sunquist, M. E.},
  title = {Prey selection by tiger, leopard and dhole in tropical forests},
  journal = {Journal of Animal Ecology},
  year = {1995},
  volume = {64},
  pages = {439--450}
}

@article{love1984,
  author = {Love, J. A.},
  title = {White-tailed sea eagles and golden eagles: predation or competition?},
  journal = {Scottish Birds},
  year = {1984},
  volume = {13},
  pages = {92--93}
}

@article{pusey1983,
  author = {Packer, C. and Pusey, A. E.},
  title = {Adaptations of female lions to infanticide by incoming males},
  journal = {The American Naturalist},
  year = {1983},
  volume = {121},
  pages = {716--728}
}

@book{sunquist2009,
  author = {Sunquist, M. and Sunquist, F.},
  title = {Wild Cats of the World},
  publisher = {University of Chicago Press},
  address = {Chicago},
  year = {2009}
}

@article{lima1998,
  author = {Lima, S. L. and Bednekoff, P. A.},
  title = {Temporal variation in danger drives antipredator behavior: The predation risk allocation hypothesis},
  journal = {The American Naturalist},
  year = {1998},
  volume = {153},
  pages = {649--659}
}

@article{adams1986,
  author = {Adams, P. M. and Barratt, E. S.},
  title = {Nocturnal sleep in squirrel monkeys},
  journal = {Electroencephalography and Clinical Neurophysiology},
  year = {1986},
  volume = {63},
  pages = {581--588}
}

@book{NRC2006,
  author = {{National Research Council}},
  title = {Nutrient Requirements of Dogs and Cats},
  publisher = {The National Academies Press},
  address = {Washington, DC},
  year = {2006}
}

@article{koizumi1992,
  author = {Koizumi, I. and Katsube, Y.},
  title = {Thermoregulatory behavior in cats},
  journal = {Physiology and Behavior},
  year = {1992},
  volume = {52},
  pages = {1017--1021}
}

@book{turner2000,
  author = {Turner, D. C. and Bateson, P.},
  title = {The Domestic Cat: The Biology of its Behaviour},
  edition = {2nd},
  publisher = {Cambridge University Press},
  address = {Cambridge},
  year = {2000}
}

@article{piccione2013,
  author = {Piccione, G. and Caola, G. and Refinetti, R.},
  title = {The circadian rhythm of body temperature of the domestic cat},
  journal = {Physiology and Behavior},
  year = {2013},
  volume = {106},
  pages = {13--15}
}

@article{feldman1994,
  author = {Feldman, H. N.},
  title = {Maternal care and differences in the use of nests in the domestic cat},
  journal = {Animal Behaviour},
  year = {1994},
  volume = {48},
  pages = {345--351}
}

@article{olmstead1979,
  author = {Olmstead, C. E. and Villablanca, J. R.},
  title = {Development of thermoregulation in the kitten},
  journal = {Physiology and Behavior},
  year = {1979},
  volume = {23},
  pages = {489--495}
}

@article{caro1980,
  author = {Caro, T. M.},
  title = {Predatory behaviour in domestic cat mothers},
  journal = {Behaviour},
  year = {1980},
  volume = {74},
  pages = {128--147}
}

@article{caro1980b,
  author = {Caro, T. M.},
  title = {The effects of experience on the predatory patterns of cats},
  journal = {Behavioral and Neural Biology},
  year = {1980},
  volume = {29},
  pages = {1--28}
}

@article{west1974,
  author = {West, M.},
  title = {Social play in the domestic cat},
  journal = {American Zoologist},
  year = {1974},
  volume = {14},
  pages = {427--436}
}

@article{karsh1983,
  author = {Karsh, E. B. and Turner, D. C.},
  title = {The human-cat relationship},
  journal = {The Domestic Cat: The Biology of its Behaviour},
  year = {1983},
  pages = {159--177}
}

@article{nibblett2015,
  author = {Nibblett, B. M. D. and Ketzis, J. K. and Grigg, E. K.},
  title = {Comparison of stress exhibited by cats examined in a clinic versus a home setting},
  journal = {Applied Animal Behaviour Science},
  year = {2015},
  volume = {173},
  pages = {68--75}
}

@article{tanaka2012,
  author = {Tanaka, A. and Wagner, D. C. and Kass, P. H. and Hurley, K. F.},
  title = {Associations among weight loss, stress, and upper respiratory tract infection in shelter cats},
  journal = {Journal of the American Veterinary Medical Association},
  year = {2012},
  volume = {240},
  pages = {570--576}
}

@article{stella2011,
  author = {Stella, J. L. and Croney, C. C. and Buffington, C. A. T.},
  title = {Environmental factors that affect the behavior and welfare of domestic cats housed in cages},
  journal = {Applied Animal Behaviour Science},
  year = {2011},
  volume = {137},
  pages = {157--163}
}

@article{crowell-davis2004,
  author = {Crowell-Davis, S. L. and Curtis, T. M. and Knowles, R. J.},
  title = {Social organization in the cat: a modern understanding},
  journal = {Journal of Feline Medicine and Surgery},
  year = {2004},
  volume = {6},
  pages = {19--28}
}

@article{barry2005,
  author = {Barry, K. J. and Crowell-Davis, S. L.},
  title = {Gender differences in the social behavior of the neutered indoor-only domestic cat},
  journal = {Applied Animal Behaviour Science},
  year = {2005},
  volume = {64},
  pages = {193--211}
}

@article{marucha1998,
  author = {Marucha, P. T. and Kiecolt-Glaser, J. K. and Favagehi, M.},
  title = {Mucosal wound healing is impaired by examination stress},
  journal = {Psychosomatic Medicine},
  year = {1998},
  volume = {60},
  pages = {362--365}
}

@article{amat2016,
  author = {Amat, M. and Camps, T. and Manteca, X.},
  title = {Stress in owned cats: behavioural changes and welfare implications},
  journal = {Journal of Feline Medicine and Surgery},
  year = {2016},
  volume = {18},
  pages = {577--586}
}

@article{johnson2021,
  author = {Johnson, J. K. and Overall, K. L. and Beebe, D.},
  title = {Advances in functional MRI studies of awake animals},
  journal = {Journal of Veterinary Behavior},
  year = {2021},
  volume = {41},
  pages = {67--75}
}

@article{heffner1985,
  author = {Heffner, R. S. and Heffner, H. E.},
  title = {Hearing range of the domestic cat},
  journal = {Hearing Research},
  year = {1985},
  volume = {19},
  pages = {85--88}
}

@article{loop1987,
  author = {Loop, M. S. and Bruce, L. L.},
  title = {Cat color vision: the effect of stimulus size, average luminance, and exposure duration},
  journal = {Vision Research},
  year = {1987},
  volume = {27},
  pages = {1063--1070}
}

@article{miyazaki2006,
  author = {Miyazaki, M. and Yamashita, T. and Suzuki, Y. and Saito, Y. and Soeta, S. and Taira, H. and Suzuki, A.},
  title = {A major urinary protein of the domestic cat regulates the production of felinine, a putative pheromone precursor},
  journal = {Chemistry and Biology},
  year = {2006},
  volume = {13},
  pages = {1071--1079}
}

@book{lloyd2015,
  author = {Lloyd, E. A. and Feldman, M. W. and Lewontin, R. C.},
  title = {Evolutionary Psychology: A Critique},
  publisher = {MIT Press},
  address = {Cambridge, MA},
  year = {2015}
}

@book{bowlby1969,
  author = {Bowlby, J.},
  title = {Attachment and Loss: Vol. 1. Attachment},
  publisher = {Basic Books},
  address = {New York},
  year = {1969}
}

@misc{bigcatrescue2019,
    author = {{Big Cat Rescue}},
    title = {{Cats vs Boxes: The Epic Battle!}},
    year = {2019},
    month = {mar},
    howpublished = {\url{https://www.youtube.com/watch?v=J11uu8L8FTY}},
    note = {Accessed: 2024-05-20}
}
